<marcxml:record xmlns:xlink="http://www.w3.org/1999/xlink" xmlns:marcxml="http://www.loc.gov/MARC21/slim" xmlns:mets="http://www.loc.gov/METS/" xmlns:mxe="http://www.loc.gov/mxe" xmlns:rdf="http://www.w3.org/1999/02/22-rdf-syntax-ns#" xmlns:rdfs="http://www.w3.org/2000/01/rdf-schema#" xmlns:skos="http://www.w3.org/2004/02/skos/core#" xmlns:madsrdf="http://www.loc.gov/mads/rdf/v1#" xmlns:ri="http://id.loc.gov/ontologies/RecordInfo#" xmlns:sem="http://marklogic.com/semantics">
  <marcxml:leader>01264cz  a2200289n  4500</marcxml:leader>
  <marcxml:controlfield tag="001">n84239891</marcxml:controlfield>
  <marcxml:controlfield tag="003">DLC</marcxml:controlfield>
  <marcxml:controlfield tag="005">20131029175156.0</marcxml:controlfield>
  <marcxml:controlfield tag="008">840926n| azannaabn          |a ana      </marcxml:controlfield>
  <marcxml:datafield tag="010" ind1=" " ind2=" ">
    <marcxml:subfield code="a">n  84239891 </marcxml:subfield>
  </marcxml:datafield>
  <marcxml:datafield tag="034" ind1=" " ind2=" ">
    <marcxml:subfield code="d">E0021200</marcxml:subfield>
    <marcxml:subfield code="e">E0021200</marcxml:subfield>
    <marcxml:subfield code="f">N0363600</marcxml:subfield>
    <marcxml:subfield code="g">N0363600</marcxml:subfield>
    <marcxml:subfield code="2">other</marcxml:subfield>
  </marcxml:datafield>
  <marcxml:datafield tag="035" ind1=" " ind2=" ">
    <marcxml:subfield code="a">(OCoLC)oca01189913</marcxml:subfield>
  </marcxml:datafield>
  <marcxml:datafield tag="040" ind1=" " ind2=" ">
    <marcxml:subfield code="a">DLC</marcxml:subfield>
    <marcxml:subfield code="b">eng</marcxml:subfield>
    <marcxml:subfield code="c">DLC</marcxml:subfield>
    <marcxml:subfield code="d">DLC</marcxml:subfield>
    <marcxml:subfield code="d">NjP</marcxml:subfield>
    <marcxml:subfield code="d">OCoLC</marcxml:subfield>
    <marcxml:subfield code="e">rda</marcxml:subfield>
    <marcxml:subfield code="d">DLC</marcxml:subfield>
  </marcxml:datafield>
  <marcxml:datafield tag="043" ind1=" " ind2=" ">
    <marcxml:subfield code="a">f-ae---</marcxml:subfield>
  </marcxml:datafield>
  <marcxml:datafield tag="151" ind1=" " ind2=" ">
    <marcxml:subfield code="a">Cherchell (Algeria)</marcxml:subfield>
  </marcxml:datafield>
  <marcxml:datafield tag="451" ind1=" " ind2=" ">
    <marcxml:subfield code="a">Cherchel (Algeria)</marcxml:subfield>
  </marcxml:datafield>
  <marcxml:datafield tag="451" ind1=" " ind2=" ">
    <marcxml:subfield code="a">Sharshāl (Algeria)</marcxml:subfield>
  </marcxml:datafield>
  <marcxml:datafield tag="451" ind1=" " ind2=" ">
    <marcxml:subfield code="a">Cherche (Algeria)</marcxml:subfield>
  </marcxml:datafield>
  <marcxml:datafield tag="451" ind1=" " ind2=" ">
    <marcxml:subfield code="a">Cherchez (Algeria)</marcxml:subfield>
  </marcxml:datafield>
  <marcxml:datafield tag="451" ind1=" " ind2=" ">
    <marcxml:subfield code="a">Shershel (Algeria)</marcxml:subfield>
  </marcxml:datafield>
  <marcxml:datafield tag="451" ind1=" " ind2=" ">
    <marcxml:subfield code="a">Shershell (Algeria)</marcxml:subfield>
  </marcxml:datafield>
  <marcxml:datafield tag="670" ind1=" " ind2=" ">
    <marcxml:subfield code="a">Pensabene, P. Les chapiteaux de Cherchel, 1982:</marcxml:subfield>
    <marcxml:subfield code="b">add. t.p. (Sharshāl)</marcxml:subfield>
  </marcxml:datafield>
  <marcxml:datafield tag="670" ind1=" " ind2=" ">
    <marcxml:subfield code="a">BGN phone call 9/18/84</marcxml:subfield>
    <marcxml:subfield code="b">(Cherchell, ppl., 36°36ʹN 2°12ʹE)</marcxml:subfield>
  </marcxml:datafield>
  <marcxml:datafield tag="670" ind1=" " ind2=" ">
    <marcxml:subfield code="a">Die römische Skulpturen von Caesarea Mauretaniae, 1993- :</marcxml:subfield>
    <marcxml:subfield code="b">Bd. 1, p. 10 (Cherchel)</marcxml:subfield>
  </marcxml:datafield>
  <marcxml:datafield tag="670" ind1=" " ind2=" ">
    <marcxml:subfield code="a">Columbia Lippincott gaz., 1962</marcxml:subfield>
    <marcxml:subfield code="b">(Cherchel or Cherchell, town, Alger dept., N central Algeria; modern town much smaller than anc. Caesarea; chief city of Mauretania)</marcxml:subfield>
  </marcxml:datafield>
  <marcxml:datafield tag="670" ind1=" " ind2=" ">
    <marcxml:subfield code="a">GEOnet, via www, 28 Oct 2014:</marcxml:subfield>
    <marcxml:subfield code="b">(Cherchell, ppl; 36° 36' 18" N  002° 11' 27" E; province of Tipaza; variants: Cherche, Cherchel, Cherchez, Shershel, Shershell)</marcxml:subfield>
  </marcxml:datafield>
  <marcxml:datafield tag="781" ind1=" " ind2="0">
    <marcxml:subfield code="z">Algeria</marcxml:subfield>
    <marcxml:subfield code="z">Cherchell</marcxml:subfield>
  </marcxml:datafield>
</marcxml:record>
